% This file was created with JabRef 2.7b.
% Encoding: UTF-8

@BOOK{pressman2011,
	title = {Engenharia de Software: uma abordagem profissional},
	year = {2011},
	author = {Roger S. Pressman},
	edition = {7}
}

@BOOK{ionEdge,
	title = {Developing an Ionic Edge},
	year = {2015},
	author = {Keith D. Moore and Robin van Baalen and Anton Shevchenko and Diego Netto and Alan Levicki},
	edition = {1},
	publisher={Bleeding Edge Press}
}

@BOOK{sommer07,
	title = {Engenharia de Software},
	year = {2011},
	author = {Ian Sommerville},
	edition = {9}
}

@book{lesBass2012,
	title={Software Architecture in Practice},
	author={Bass, L. and Clements, P. and Kazman, R.},
	isbn={9780132942782},
	series={SEI Series in Software Engineering},
	url={https://books.google.com.br/books?id=-II73rBDXCYC},
	year={2012},
	publisher={Pearson Education}
}

@techreport{ieeeSE,
	author={IEEE},
	title={IEEE Standard Glossary of Software Engineering Terminology},
	institution={IEEE}, 
	year={1990}
}

@misc{angularjs,
	Author={Google},
	Title={AngularJS Website},
	Year={2016},
	Urlacessdate={Acesso em: 2 jun.2016},
	Note={Disponível em: <http://angular.io/> Acesso em: 2 de jun. 2016} 
}

@misc{electron,
	Author={Github},
	Note={Disponível em: <http://electron.atom.io/>. Acesso em: 2 de jun. 2016},
	Title={Electron Framework Website},
	Year={2016},
	Urlacessdate={Acesso em 2 Jun.2016}
}

@misc{unixPhilosophy,
	Author={Doug McIlroy},
	Title={Basics of the Unix Philosophy},
	Note={Disponível em: <http://www.faqs.org/docs/artu/ch01s06.html>. Acesso em: 25 de mar. 2016},
	Year={1978},
	urlacessdate={Acesso em 1 jun. 2016}
}

@misc{redux,
	Author={Dan Abramov},
	Title={Redux Documentation},
	Note={Disponível em: <http://redux.js.org/>. Acesso em: 25 de mar. 2016},
	Year={2016},
	Urlacessdate={Acesso em: 31 mai. 2015 }
}

@ARTICLE{28dbc,
	Title={Twenty-eight years of component-based software engineering},
	Author={Tassio Vale and Ivica Crnkovic and Eduardo Santana de Almeida and Paulo Anselmo da Mota Silveira Neto and Yguaratã Cerqueira Cavalcanti and Silvio Romero de Lemos Meira},
	Journal={The Journal of Systems and Software},
	Year={2016},
	Volume={111},
	Pages={128-148}
}

@misc{webSocketProtocolIEEE,
	Author={Internet Engineering Task Force (IETF)},
	Title={The WebSocket Protocol},
	Note={Disponível em: <https://tools.ietf.org/html/rfc6455>. Acesso em: 10 de mai. 2016},
	Year={2011},
	Urlacessdate={Acesso em 26 mai. 2016}
}

@misc{presentContainerAbramov,
	Author={Dan Abramov},
	Title={Presentational and Container Components},
	Note={Disponível em: <https://goo.gl/N9FMUV>. Acesso em: 25 de mar. 2016},
	Year={2015},
	Urlacessdate={Acesso em 10 Mai.2015}
}

@misc{ionic2015,
	Author={Max Lynch},
	Title={How 2015 Went for Ionic},
	Note={Disponível em: <http://blog.ionic.io/how-2015-went-for-ionic/>. Acesso em: 03 de mar. 2016},
	year={2016},
	Urlacessdate={Acesso em 05 Mar.2016}
}

@misc{ionicDocs,
	Author={Drifty},
	Title={Ionic Documentation},
	Note={Disponível em: <http://ionicframework.com/docs/v2/components/>. Acesso em: 03 de mar. 2016},
	year={2016},
	Urlacessdate={Acesso em 05 Mar.2016}
}

@misc{ionicFIT,
	Author={Adam Bradley},
	Title={Where does the Ionic Framework fit in?},
	Note={Disponível em: <http://blog.ionic.io/where-does-the-ionic-framework-fit-in/>. Acesso em: 03 de mar. 2016},
	year={2013},
	Urlacessdate={Acesso em 05 Abr.2016}
}

@misc{CordovaLynch2014,
	Author={Max Lynch},
	Title={The Last Word on Cordova and PhoneGap},
	Note={Disponível em: <http://blog.ionic.io/what-is-cordova-phonegap/>. Acesso em: 03 de mar. 2016},
	year={2014},
	Urlacessdate={Acesso em 25 Apr.2016}
}

@misc{Diwakar2012,
	Author={Sapan Diwakar},
	Title={Titanium vs Phonegap vs Native application development},
	Note={Disponível em: <http://www.sapandiwakar.in/api-research-study-iphone-and-android-applications/>. Acesso em: 03 de mar. 2016},
	year={2012},
	Urlacessdate={Acesso em 01 Mai.2016}
}

@misc{Adobe2011,
	Author={Adobe},
	Title={Adobe Announces Agreement to Acquire Nitobi, Creator of PhoneGap},
	Note={Disponível em: <http://www.adobe.com/aboutadobe/pressroom/pressreleases/201110/AdobeAcquiresNitobi.html>. Acesso em: 15 de mar. 2016},
	year={2011},
	Urlacessdate={Acesso em 20 Mar.2016}
}

@misc{htmlStandard,
	Author={WHATWG - Web Hypertext Application Technology Working Group},
	Title={HTML Living Standard },
	Note={Disponível em: <https://html.spec.whatwg.org/multipage/comms.html>. Acesso em: 10 de mai. 2016},
	year={2016},
	Urlacessdate={Acesso em 20 Mai.2016}
}

@inproceedings{ngConfComponents,
	author = {Pete Bacon Darwin},
	title = {Components, Components, Components!...and Angular 1.5},
	organization = {NG-CONF, 1},
	conference-location  = {Salt Lake City, EUA},  
	conference-year = {2016},
	booktitle = {Components, Components, Components!...and Angular 1.5},
	year = {2016},
	address = {Utah},
	publisher = {Ng-conf},
	timestamp = {2016.04.05}
}

